@article{zhang2003fast,
  title={Fast accurate computation of large-scale IP traffic matrices from link loads},
  author={Zhang, Yin and Roughan, Matthew and Duffield, Nick and Greenberg, Albert},
  journal={ACM SIGMETRICS Performance Evaluation Review},
  volume={31},
  number={1},
  pages={206--217},
  year={2003},
  publisher={ACM New York, NY, USA}
}

@book{teletraffic1954,
  title={電話トラフィック理論とその応用},
  author={辻 舛二},
  editor={小島 哲},
  year={1954},
  publisher={電子通信学会}
}

@article{willinger1998mathematics,
  title={Where mathematics meets the Internet},
  author={Willinger, Walter and Paxson, Vern},
  journal={Notices of the AMS},
  volume={45},
  number={8},
  pages={961--970},
  year={1998}
}

@misc{poisson,
  author       = {Will Koehrsen},
  howpublished = {\url{https://towardsdatascience.com/the-poisson-distribution-and-poisson-process-explained-4e2cb17d459}},
  title        = {The Poisson Distribution and Poisson Process Explained},
  year         = {2019},
  note         = {Accessed: 2021-12-18}
}

@article{Fukuda2004,
title = {ネットワークトラフィックの自己相似性とその生成モデル},
author = {福田健介},
journal = {情報処理学会学会誌},
month = {6},
number = {6},
pages = {603--609},
volume = {45},
year = {2004}
}

@article{Ueda2007,
  title={確率過程による LAN トラヒックのモデル化における一考察},
  author={上田浩 and 奈須野裕 and 岩谷幸雄 and 五十嵐隆治 and 木下哲男 and others},
  journal={情報処理学会論文誌数理モデル化と応用 (TOM)},
  volume={48},
  number={SIG2 (TOM16)},
  pages={167--174},
  year={2007}
}

@misc{trafficmatrix,
  author       = {Matthew Roughan},
  howpublished = {\url{https://roughan.info/project/traffic_matrix/}},
  title        = {Internet Traffic Matrices},
  year         = {2017},
  note         = {Accessed: 2021-12-18}
}

@misc{gravitymodel-web,
  author       = {University of TARTU Institute of Computer Science},
  howpublished = {\url{https://courses.cs.ut.ee/2011/graphmining/Main/GravityModels}},
  title        = {Gravity Models},
  year         = {2011},
  note         = {Accessed: 2021-12-22}
}

@article{roughan2005simplifying,
  title={Simplifying the synthesis of Internet traffic matrices},
  author={Roughan, Matthew},
  journal={ACM SIGCOMM Computer Communication Review},
  volume={35},
  number={5},
  pages={93--96},
  year={2005},
  publisher={ACM New York, NY, USA}
}

@article{fortz2002traffic,
  title={Traffic engineering with traditional IP routing protocols},
  author={Fortz, Bernard and Rexford, Jennifer and Thorup, Mikkel},
  journal={IEEE communications Magazine},
  volume={40},
  number={10},
  pages={118--124},
  year={2002},
  publisher={IEEE}
}

@article{paxson1995wide,
  title={Wide area traffic: the failure of Poisson modeling},
  author={Paxson, Vern and Floyd, Sally},
  journal={IEEE/ACM Transactions on networking},
  volume={3},
  number={3},
  pages={226--244},
  year={1995},
  publisher={IEEE}
}

@inproceedings{roughan2003traffic,
  title={Traffic engineering with estimated traffic matrices},
  author={Roughan, Matthew and Thorup, Mikkel and Zhang, Yin},
  booktitle={Proceedings of the 3rd ACM SIGCOMM Conference on Internet Measurement},
  pages={248--258},
  year={2003}
}

@incollection{roughan2003experience,
  title={Experience in measuring internet backbone traffic variability: Models metrics, measurements and meaning},
  author={Roughan, Matthew and Greenberg, Albert and Kalmanek, Charles and Rumsewicz, Michael and Yates, Jennifer and Zhang, Yin},
  booktitle={Teletraffic Science and Engineering},
  volume={5},
  pages={379--388},
  year={2003},
  publisher={Elsevier}
}

@article{satoh2021quisp,
  title={QuISP: a Quantum Internet Simulation Package},
  author={Satoh, Ryosuke and Hajdu{\v{s}}ek, Michal and Benchasattabuse, Naphan and Nagayama, Shota and Teramoto, Kentaro and Matsuo, Takaaki and Metwalli, Sara Ayman and Satoh, Takahiko and Suzuki, Shigeya and Van Meter, Rodney},
  journal={arXiv preprint arXiv:2112.07093},
  year={2021}
}

@article{matsuo2019quantum,
  title={Quantum link bootstrapping using a RuleSet-based communication protocol},
  author={Matsuo, Takaaki and Durand, Cl{\'e}ment and Van Meter, Rodney},
  journal={Physical Review A},
  volume={100},
  number={5},
  pages={052320},
  year={2019},
  publisher={APS}
}

@article{matsuo2018analysis,
  title={Analysis of measurement-based quantum network coding over repeater networks under noisy conditions},
  author={Matsuo, Takaaki and Satoh, Takahiko and Nagayama, Shota and Van Meter, Rodney},
  journal={Physical Review A},
  volume={97},
  number={6},
  pages={062328},
  year={2018},
  publisher={APS}
}

@mastersthesis{matsuo2019master,
  title={Simulation of a Dynamic, RuleSet-based Quantum Network},
  author={Matsuo, Takaaki},
  year={2019},
  school={Keio University, Graduate School of Media and Governance}
}

@misc{nielsen,
  title={Quantum computation and quantum information},
  author={Nielsen, Michael A and Chuang, Isaac},
  year={2002},
  publisher={American Association of Physics Teachers}
}

@misc{trafficmatrix_presentation,
  author       = {Matthew Roughan},
  howpublished = {\url{https://roughan.info/talks/tma_summer_school.pdf}},
  title        = {How I Learned to Stop Worrying and Love Traffic Matrices},
  year         = {2016},
  note         = {Accessed: 2021-12-22}
}

@inproceedings{tune2015spatiotemporal,
  title={Spatiotemporal traffic matrix synthesis},
  author={Tune, Paul and Roughan, Matthew},
  booktitle={Proceedings of the 2015 ACM Conference on Special Interest Group on Data Communication},
  pages={579--592},
  year={2015}
}

@inproceedings{kakkavas2021future,
  title={Future Network Traffic Matrix Synthesis and Estimation Based on Deep Generative Models≫},
  author={Kakkavas, Grigorios and Kalntis, Michail and Karyotis, Vasileios and Papavassiliou, Symeon},
  booktitle={30th International Conference on Computer Communication and Networks (ICCCN)},
  year={2021}
}

@article{tune2014maximum,
  title={Maximum entropy traffic matrix synthesis},
  author={Tune, Paul and Roughan, Matthew},
  journal={ACM SIGMETRICS Performance Evaluation Review},
  volume={42},
  number={2},
  pages={43--45},
  year={2014},
  publisher={ACM New York, NY, USA}
}

@inproceedings{zhang2009spatio,
  title={Spatio-temporal compressive sensing and internet traffic matrices},
  author={Zhang, Yin and Roughan, Matthew and Willinger, Walter and Qiu, Lili},
  booktitle={Proceedings of the ACM SIGCOMM 2009 conference on Data communication},
  pages={267--278},
  year={2009}
}

@article{leland1995self,
  title={On the self-similar nature of ethernet traffic},
  author={Leland, Will E and Willinger, Walter and Taqqu, Murad S and Wilson, Daniel V},
  journal={ACM SIGCOMM Computer Communication Review},
  volume={25},
  number={1},
  pages={202--213},
  year={1995},
  publisher={ACM New York, NY, USA}
}

@article{feynman1982simulating,
  author = {Feynman, Richard P},
  journal = {International journal of theoretical physics},
  number = {6/7},
  pages = {467--488},
  publisher = {World Scientific},
  title = {Simulating physics with computers},
  volume = 21,
  year = 1982
}

@article{deutsch1992rapid,
  title={Rapid solution of problems by quantum computation},
  author={Deutsch, David and Jozsa, Richard},
  journal={Proceedings of the Royal Society of London. Series A: Mathematical and Physical Sciences},
  volume={439},
  number={1907},
  pages={553--558},
  year={1992},
  publisher={The Royal Society London}
}

@article{shor1997,
   title={Polynomial-Time Algorithms for Prime Factorization and Discrete Logarithms on a Quantum Computer},
   volume={26},
   ISSN={1095-7111},
   url={http://dx.doi.org/10.1137/S0097539795293172},
   DOI={10.1137/s0097539795293172},
   number={5},
   journal={SIAM Journal on Computing},
   publisher={Society for Industrial & Applied Mathematics (SIAM)},
   author={Shor, Peter W.},
   year={1997},
   month={Oct},
   pages={1484-1509}
}

@inproceedings{grover1996fast,
  title={A fast quantum mechanical algorithm for database search},
  author={Grover, Lov K},
  booktitle={Proceedings of the twenty-eighth annual ACM symposium on Theory of computing},
  pages={212--219},
  year={1996}
}

@article{nucci2005problem,
  title={The problem of synthetically generating IP traffic matrices: Initial recommendations},
  author={Nucci, Antonio and Sridharan, Ashwin and Taft, Nina},
  journal={ACM SIGCOMM Computer Communication Review},
  volume={35},
  number={3},
  pages={19--32},
  year={2005},
  publisher={ACM New York, NY, USA}
}

@article{evans1973relationship,
  title={A relationship between the gravity model for trip distribution and the transportation problem in linear programming},
  author={Evans, Suzanne P},
  journal={Transportation Research},
  volume={7},
  number={1},
  pages={39--61},
  year={1973},
  publisher={Elsevier}
}

@inproceedings{BEN84,
  author = {Bennett, C. H. and Brassard, G.},
  booktitle = {Proceedings of IEEE International Conference on Computers, Systems, and Signal Processing},
  pages = 175,
  title = {Quantum cryptography: Public key distribution and coin tossing},
  year = 1984
}

@article{bennett1992dawn,
  title={The Dawn of a New Era for Quantum Cryptogra-phy: The Experimental Prototype is Working," SIGACT NEWS 20, no. 4, 78 (1989); CH Bennett et al},
  author={Bennett, CH and Brassard, G},
  journal={Experimental Quantum Cryptography,” J. Crypto},
  volume={5},
  number={3},
  year={1992}
}

@inproceedings{elliott2005current,
  title={Current status of the DARPA quantum network},
  author={Elliott, Chip and Colvin, Alexander and Pearson, David and Pikalo, Oleksiy and Schlafer, John and Yeh, Henry},
  booktitle={Quantum Information and computation III},
  volume={5815},
  pages={138--149},
  year={2005},
  organization={International Society for Optics and Photonics}
}

@article{sasaki2011field,
  title={Field test of quantum key distribution in the Tokyo QKD Network},
  author={Sasaki, Masahide and Fujiwara, Mikio and Ishizuka, H and Klaus, W and Wakui, K and Takeoka, M and Miki, S and Yamashita, T and Wang, Z and Tanaka, A and others},
  journal={Optics express},
  volume={19},
  number={11},
  pages={10387--10409},
  year={2011},
  publisher={Optical Society of America}
}

@article{briegel1998quantum,
  title={Quantum repeaters: the role of imperfect local operations in quantum communication},
  author={Briegel, H-J and D{\"u}r, Wolfgang and Cirac, Juan I and Zoller, Peter},
  journal={Physical Review Letters},
  volume={81},
  number={26},
  pages={5932},
  year={1998},
  publisher={APS}
}

@article{dur1999quantum,
  title={Quantum repeaters based on entanglement purification},
  author={D{\"u}r, Wolfgang and Briegel, H-J and Cirac, Juan Ignacio and Zoller, Peter},
  journal={Physical Review A},
  volume={59},
  number={1},
  pages={169},
  year={1999},
  publisher={APS}
}

@inproceedings{dirac1939new,
  title={A new notation for quantum mechanics},
  author={Dirac, Paul Adrien Maurice},
  booktitle={Mathematical Proceedings of the Cambridge Philosophical Society},
  volume={35},
  number={3},
  pages={416--418},
  year={1939},
  organization={Cambridge University Press}
}

@misc{qgate,
  author       = {IBM Qiskit team},
  howpublished = {\url{https://qiskit.org/documentation/locale/ja_JP/tutorials/circuits/3_summary_of_quantum_operations.html}},
  title        = {Summary of Quantum Operations},
  year         = {2022(Last Updated)},
  note         = {Accessed: 2022-01-25}
}

@misc{q-leap_Bell,
  author       = {QLEAP Education Project Keio University},
  howpublished = {\url{https://youtu.be/rqgGsWaL9Hg}},
  title        = {Q-Leap Edu Quantum Communications 4-3 ベル状態},
  year         = {2021},
  note         = {Accessed: 2022-01-28}
}

@misc{q-leap_teleportation,
  author       = {QLEAP Education Project Keio University},
  howpublished = {\url{https://youtu.be/E6FwuDdYI7A}},
  title        = {Q-Leap Edu Quantum Communications 8-2 量子テレポテーションのプロトコル},
  year         = {2021},
  note         = {Accessed: 2022-01-28}
}